
@article{sukumar_exact_2022,
	title = {Exact imposition of boundary conditions with distance functions in physics-informed deep neural networks},
	journal = {Computer Methods in Applied Mechanics and Engineering},
	author = {Sukumar and Srivastava},
	year = {2022},
}

@article{duprez_phi-fem_2020,
	title = {$\phi$-FEM: {A} {Finite} {Element} {Method} on {Domains} {Defined} by {Level}-{Sets}},
	journal = {SIAM Journal on Numerical Analysis},
	author = {Duprez and Lozinski},
	year = {2020},
}

@article{duprez_phi-fem_2023,
	title = {$\phi$-FEM: an optimally convergent and easily implementable immersed boundary method for particulate flows and {Stokes} equations},
	journal = {ESAIM: Mathematical Modelling and Numerical Analysis},
	author = {Duprez and Lleras and Lozinski},
	year = {2023},
}

@article{cotin_phi-fem_nodate,
	title = {$\phi$-FEM: an efficient simulation tool using simple meshes for problems in structure mechanics and heat transfer},
	author = {Cotin and Duprez and Lleras and Lozinski and Vuillemot},
	year = {2021},
}

@misc{duprez_new_2020,
	title = {A new $\phi$-FEM approach for problems with natural boundary conditions},
	author = {Duprez and Lleras and Lozinski},
	year = {2020},
}

@article{clemot_neural_2023,
	title = {Neural skeleton: {Implicit} neural representation away from the surface},
	journal = {Computers and Graphics},
	author = {Cl√©mot and Digne},
	year = {2023},
}


@article{raissi_physics-informed_2019,
	title = {Physics-informed neural networks: {A} deep learning framework for solving forward and inverse problems involving nonlinear partial differential equations},
	journal = {Journal of Computational Physics},
	author = {Raissi and Perdikaris and Karniadakis},
	year = {2019},
}

@article{ours_2024,
	title = {Enhanced finite element methods using neural networks},
	author = {\textbf{Lecourtier} and Victorion and Barucq and Duprez and Faucher and Franck and Lleras and Michel-Dansac},
	year = {in progress},
}