@article{sukumar_exact_2022,
	title = {Exact imposition of boundary conditions with distance functions in physics-informed deep neural networks},
	journal = {Computer Methods in Applied Mechanics and Engineering},
	author = {Sukumar and Srivastava},
	year = {2022},
}

@article{clemot_neural_2023,
	title = {Neural skeleton: Implicit neural representation away from the surface},
	journal = {Computers and Graphics},
	author = {M. Cl√©mot and J. Digne},
	year = {2023},
}


@article{raissi_physics-informed_2019,
	title = {Physics-informed neural networks: {A} deep learning framework for solving forward and inverse problems involving nonlinear partial differential equations},
	journal = {Journal of Computational Physics},
	author = {Raissi and Perdikaris and Karniadakis},
	year = {2019},
}

@book{ours_2024,
	title = {Enhanced finite element methods using neural networks},
	publisher = {(in progress)},
	author = {\textbf{Lecourtier} and Victorion and Barucq and Duprez and Faucher and Franck and Lleras and Michel-Dansac},
}

@book{Ern2004TheoryAP,
  author    = {A. Ern and J.-L. Guermond},
  publisher = {Springer New York (2004)},
  title     = {Theory and Practice of Finite Elements},
}
