@article{RAISSI2019686,
	author    = {M. Raissi and P. Perdikaris and G. E. Karniadakis},
	title     = {Physics-informed neural networks: {A} deep learning framework for solving forward and inverse problems involving nonlinear partial differential equations},
	year      = {2019},
}

@article{LagLikFot1998,
	author    = {Lagaris, I. E. and Likas, A. and Fotiadis, D. I.},
	title     = {Artificial neural networks for solving ordinary and partial differential equations},
	year      = {1998},
}

@article{FraMicNav2024,
	author    = {Franck, E. and Michel-Dansac, V. and Navoret, L.},
	title     = {{Approximately well-balanced Discontinuous Galerkin methods using bases enriched with Physics-Informed Neural Networks}},
	year      = {2024},
}

@misc{ours_2025,
	author={\textbf{F. Lecourtier} and H. Barucq and M. Duprez and F. Faucher and E. Franck and V. Lleras and V. Michel-Dansac and N. Victorion},
	title={Enriching continuous Lagrange finite element approximation spaces using neural networks}, 
	year={2025},
}

@book{Ern2004TheoryAP,
	author    = {A. Ern and J.-L. Guermond},
	title     = {{Theory and Practice of Finite Elements}},
	year      = {2004},
}


@article{Sukumar_2022,
	author    = {Sukumar, N. and Srivastava, A.},
	title     = {Exact imposition of boundary conditions with distance functions in physics-informed deep neural networks},
	year      = {2022},
}

@inproceedings{TanSri2020,
	author    = {Tancik, M. and Srinivasan, P. and al},
	title     = {{Fourier Features Let Networks Learn High Frequency Functions in Low Dimensional Domains}},
	year      = {2020},
}

@article{clemot_neural_2023,
	author = {Clémot, M. and Digne, J.},
	title = {Neural skeleton: {Implicit} neural representation away from the surface},
	year = {2023},
}


@article{ainsworth_posteriori_1997,
	title = {A posteriori error estimation in finite element analysis},
	author = {Ainsworth, M. and Oden, J. Tinsley},
	year = {1997},
}


@article{dorfler_1996,
	author = {D\"{o}rfler, W.},
	title = {A Convergent Adaptive Algorithm for Poisson’s Equation},
	year = {1996},
}

